<record><leader>00000cas a22000007a 4500</leader><controlfield tag="001">11435316</controlfield><controlfield tag="008">841129d185718uunjuwr ne      0    0eng d</controlfield><datafield ind1=" " ind2=" " tag="010"><subfield code="a">sn 84038678 </subfield></datafield><datafield ind1=" " ind2=" " tag="040"><subfield code="a">NPX</subfield><subfield code="b">eng</subfield><subfield code="c">NPX</subfield><subfield code="d">NPA</subfield><subfield code="d">OCLCQ</subfield></datafield><datafield ind1=" " ind2=" " tag="042"><subfield code="a">msc</subfield></datafield><datafield ind1="0" ind2="4" tag="245"><subfield code="a">The New Jersey signal.</subfield></datafield><datafield ind1="1" ind2="3" tag="246"><subfield code="a">N.J. signal</subfield></datafield><datafield ind1=" " ind2=" " tag="260"><subfield code="a">Bordentown, N.J. :</subfield><subfield code="b">Wm. H. Van Nortwick, Samuel C. Ashbrook</subfield></datafield><datafield ind1=" " ind2=" " tag="300"><subfield code="a">v.</subfield></datafield><datafield ind1=" " ind2=" " tag="310"><subfield code="a">Weekly</subfield></datafield><datafield ind1="1" ind2=" " tag="362"><subfield code="a">Began with Jan. 22, 1857 issue.</subfield><subfield code="z">Cf. Woodward &amp; Hageman. Hist. of Burlington and Mercer Counties, N.J., 1883.</subfield></datafield><datafield ind1=" " ind2=" " tag="500"><subfield code="a">Editors: William H. Van Nortwick, &lt;1857&gt;; Samuel C. Ashbrook, 1857-&lt;1858&gt;.</subfield></datafield><datafield ind1=" " ind2=" " tag="500"><subfield code="a">Erroneous ending date of Jan. 13, 1858 recorded in Woodward &amp; Hageman. Hist. of Burlington and Mercer Counties, N.J., 1883.</subfield></datafield><datafield ind1=" " ind2=" " tag="500"><subfield code="a">Publisher: Samuel C. Ashbrook, &lt;1858&gt;.</subfield></datafield><datafield ind1=" " ind2=" " tag="500"><subfield code="a">"Democratic."</subfield></datafield><datafield ind1=" " ind2=" " tag="580"><subfield code="a">Daily ed.: Daily Burlingtonian.</subfield></datafield><datafield ind1=" " ind2=" " tag="588"><subfield code="a">Description based on: Vol. 1, no. 17 (May 21, 1857).</subfield></datafield><datafield ind1=" " ind2=" " tag="752"><subfield code="a">United States</subfield><subfield code="b">New Jersey</subfield><subfield code="c">Burlington</subfield><subfield code="d">Bordentown.</subfield></datafield><datafield ind1="1" ind2=" " tag="775"><subfield code="t">Daily Burlingtonian</subfield><subfield code="w">(DLC)sn 85035740</subfield></datafield><datafield ind1="1" ind2=" " tag="029"><subfield code="a">AU@</subfield><subfield code="b">000025822776</subfield></datafield></record>